<?xml version="1.0" encoding="UTF-8"?><collection xmlns="http://www.loc.gov/MARC21/slim"><record><leader>00500nam--2200181-i-4500</leader><controlfield tag="001">000032890</controlfield><controlfield tag="002">20161230</controlfield><controlfield tag="005">20161230201039</controlfield><controlfield tag="008">060222s1000------------r-----000-0-fre-d</controlfield><datafield ind1=" " ind2=" " tag="040"><subfield code="a">IFIN-HH</subfield></datafield><datafield ind1=" " ind2=" " tag="041"><subfield code="a">fre</subfield></datafield><datafield ind1=" " ind2=" " tag="080"><subfield code="a">539.12</subfield></datafield><datafield ind1="1" ind2=" " tag="100"><subfield code="a">Lazard-martinet, Cristiane</subfield></datafield><datafield ind1="1" ind2="0" tag="245"><subfield code="a">Absorption de pions en vol par des noyaux tres legers</subfield><subfield code="b">These</subfield><subfield code="c">Cristiane lazard-martinet</subfield></datafield><datafield ind1=" " ind2=" " tag="260"><subfield code="a">Paris</subfield><subfield code="b">Universite De Paris</subfield><subfield code="c">1970</subfield></datafield><datafield ind1=" " ind2=" " tag="300"><subfield code="a">65P</subfield></datafield><datafield ind1=" " ind2=" " tag="852"><subfield code="a">31452</subfield><subfield code="c">539.12</subfield></datafield><datafield ind1=" " ind2=" " tag="CAT"><subfield code="a">Sys</subfield><subfield code="c">20111118</subfield><subfield code="h">114435</subfield></datafield></record></collection>